@inproceedings{Paillier99,
  author    = {Pascal Paillier},
  title     = {Public-Key Cryptosystems Based on Composite Degree Residuosity Classes},
  booktitle = {Advances in Cryptology - {EUROCRYPT} '99, International Conference
               on the Theory and Application of Cryptographic Techniques, Prague,
               Czech Republic, May 2-6, 1999, Proceeding},
  pages     = {223--238},
  year      = {1999},
  crossref  = {DBLP:conf/eurocrypt/99},
  url       = {http://dx.doi.org/10.1007/3-540-48910-X_16},
  doi       = {10.1007/3-540-48910-X_16},
  timestamp = {Fri, 23 Dec 2011 00:00:00 +0100},
  biburl    = {http://dblp.uni-trier.de/rec/bib/conf/eurocrypt/Paillier99},
  bibsource = {dblp computer science bibliography, http://dblp.org}
}

@Misc{okeefe2008,
    title = {The Paillier Cryptosystem: A Look Into The Cryptosystem And Its Potential Application},
    author = {Michael O'Keefe},
    url = {http://www.tcnj.edu/~hagedorn/papers/CapstonePapers/OKeeffe/CapstoneOKeeffeCryptography.pdf},
    year = {2008}
}

@Misc{volkhausen2006,
    title = {Paillier Cryptosystem: A Mathematical Introduction},
    author = {Tobias Volkhausen},
    url = {http://www2.cs.uni-paderborn.de/cs/ag-bloemer/lehre/proseminar_WS2005/material/Volkhausen_DasPaillierKryptosystem.pdf?PHPSESSID=fd8a3d9a0d9c9ce4e5c00f5abcbd2a5a},
    year = {2006}
}

@Misc{choinyaambu2009,
    title = {Homomorphic Tallying with Paillier Cryptosystem},
    author = {Sansar Choinyammbu},
    url = {http://security.hsr.ch/msevote/seminar-papers/HS09_Homomorphic_Tallying_with_Paillier.pdf},
    year = {2009}
}

@Book{survival-book,
    title = {Modeling Survival Data: Extending the {C}ox Model},
    author = {{Terry M. Therneau} and {Patricia M. Grambsch}},
    year = {2000},
    publisher = {Springer-Verlag},
    address = {New York},
    isbn = {0-387-98784-3},
}

